@article{ferlin1998vantagens,
  title={Vantagens na Elabora{\c{c}}{\~a}o de Projetos Digitais Utilizando Dispositivos L{\'o}gicos Program{\'a}veis},
  author={Ferlin, Edson Pedro and Eleut{\'e}rio, Marco Ant{\^o}nio Masoler},
  journal={SPET 1998-IV Simp{\'o}sio de Pesquisa e Extens{\~a}o em Tecnologia, 1998, Natal-RN-Brasil},
  pages={188--190},
  year={1998}
}